@ARTICLE{2011PhRvL.107x1303G,
   author = {{Geringer-Sameth}, A. and {Koushiappas}, S.~M.},
    title = "{Exclusion of Canonical Weakly Interacting Massive Particles by Joint Analysis of Milky Way Dwarf Galaxies with Data from the Fermi Gamma-Ray Space Telescope}",
  journal = {Physical Review Letters},
archivePrefix = "arXiv",
   eprint = {1108.2914},
 primaryClass = "astro-ph.CO",
 keywords = {Dark matter, gamma-ray, Dwarf galaxies},
     year = 2011,
    month = dec,
   volume = 107,
   number = 24,
      eid = {241303},
    pages = {241303},
      doi = {10.1103/PhysRevLett.107.241303},
   adsurl = {http://adsabs.harvard.edu/abs/2011PhRvL.107x1303G},
  adsnote = {Provided by the SAO/NASA Astrophysics Data System}
}

@ARTICLE{2011PhRvL.107x1302A,
   author = {{Ackermann}, M. and {Ajello}, M. and {Albert}, A. and {Atwood}, W.~B. and
	{Baldini}, L. and {Ballet}, J. and {Barbiellini}, G. and {Bastieri}, D. and
	{Bechtol}, K. and {Bellazzini}, R. and {Berenji}, B. and {Blandford}, R.~D. and
	{Bloom}, E.~D. and {Bonamente}, E. and {Borgland}, A.~W. and
	{Bregeon}, J. and {Brigida}, M. and {Bruel}, P. and {Buehler}, R. and
	{Burnett}, T.~H. and {Buson}, S. and {Caliandro}, G.~A. and
	{Cameron}, R.~A. and {Ca{\~n}adas}, B. and {Caraveo}, P.~A. and
	{Casandjian}, J.~M. and {Cecchi}, C. and {Charles}, E. and {Chekhtman}, A. and
	{Chiang}, J. and {Ciprini}, S. and {Claus}, R. and {Cohen-Tanugi}, J. and
	{Conrad}, J. and {Cutini}, S. and {de Angelis}, A. and {de Palma}, F. and
	{Dermer}, C.~D. and {Digel}, S.~W. and {Do Couto E Silva}, E. and
	{Drell}, P.~S. and {Drlica-Wagner}, A. and {Falletti}, L. and
	{Favuzzi}, C. and {Fegan}, S.~J. and {Ferrara}, E.~C. and {Fukazawa}, Y. and
	{Funk}, S. and {Fusco}, P. and {Gargano}, F. and {Gasparrini}, D. and
	{Gehrels}, N. and {Germani}, S. and {Giglietto}, N. and {Giordano}, F. and
	{Giroletti}, M. and {Glanzman}, T. and {Godfrey}, G. and {Grenier}, I.~A. and
	{Guiriec}, S. and {Gustafsson}, M. and {Hadasch}, D. and {Hayashida}, M. and
	{Hays}, E. and {Hughes}, R.~E. and {Jeltema}, T.~E. and {J{\'o}hannesson}, G. and
	{Johnson}, R.~P. and {Johnson}, A.~S. and {Kamae}, T. and {Katagiri}, H. and
	{Kataoka}, J. and {Kn{\"o}dlseder}, J. and {Kuss}, M. and {Lande}, J. and
	{Latronico}, L. and {Lionetto}, A.~M. and {Llena Garde}, M. and
	{Longo}, F. and {Loparco}, F. and {Lott}, B. and {Lovellette}, M.~N. and
	{Lubrano}, P. and {Madejski}, G.~M. and {Mazziotta}, M.~N. and
	{McEnery}, J.~E. and {Mehault}, J. and {Michelson}, P.~F. and
	{Mitthumsiri}, W. and {Mizuno}, T. and {Monte}, C. and {Monzani}, M.~E. and
	{Morselli}, A. and {Moskalenko}, I.~V. and {Murgia}, S. and
	{Naumann-Godo}, M. and {Norris}, J.~P. and {Nuss}, E. and {Ohsugi}, T. and
	{Okumura}, A. and {Omodei}, N. and {Orlando}, E. and {Ormes}, J.~F. and
	{Ozaki}, M. and {Paneque}, D. and {Parent}, D. and {Pesce-Rollins}, M. and
	{Pierbattista}, M. and {Piron}, F. and {Pivato}, G. and {Porter}, T.~A. and
	{Profumo}, S. and {Rain{\`o}}, S. and {Razzano}, M. and {Reimer}, A. and
	{Reimer}, O. and {Ritz}, S. and {Roth}, M. and {Sadrozinski}, H.~F.-W. and
	{Sbarra}, C. and {Scargle}, J.~D. and {Schalk}, T.~L. and {Sgr{\`o}}, C. and
	{Siskind}, E.~J. and {Spandre}, G. and {Spinelli}, P. and {Strigari}, L. and
	{Suson}, D.~J. and {Tajima}, H. and {Takahashi}, H. and {Tanaka}, T. and
	{Thayer}, J.~G. and {Thayer}, J.~B. and {Thompson}, D.~J. and
	{Tibaldo}, L. and {Tinivella}, M. and {Torres}, D.~F. and {Troja}, E. and
	{Uchiyama}, Y. and {Vandenbroucke}, J. and {Vasileiou}, V. and
	{Vianello}, G. and {Vitale}, V. and {Waite}, A.~P. and {Wang}, P. and
	{Winer}, B.~L. and {Wood}, K.~S. and {Wood}, M. and {Yang}, Z. and
	{Zimmer}, S. and {Kaplinghat}, M. and {Martinez}, G.~D.},
    title = "{Constraining Dark Matter Models from a Combined Analysis of Milky Way Satellites with the Fermi Large Area Telescope}",
  journal = {Physical Review Letters},
archivePrefix = "arXiv",
   eprint = {1108.3546},
 primaryClass = "astro-ph.HE",
 keywords = {Dark matter, gamma-ray, Dwarf galaxies},
     year = 2011,
    month = dec,
   volume = 107,
   number = 24,
      eid = {241302},
    pages = {241302},
      doi = {10.1103/PhysRevLett.107.241302},
   adsurl = {http://adsabs.harvard.edu/abs/2011PhRvL.107x1302A},
  adsnote = {Provided by the SAO/NASA Astrophysics Data System}
}

@ARTICLE{2012PhRvD..85f2001A,
   author = {{Aliu}, E. and {Archambault}, S. and {Arlen}, T. and {Aune}, T. and
	{Beilicke}, M. and {Benbow}, W. and {Bouvier}, A. and {Bradbury}, S.~M. and
	{Buckley}, J.~H. and {Bugaev}, V. and {Byrum}, K. and {Cannon}, A. and
	{Cesarini}, A. and {Christiansen}, J.~L. and {Ciupik}, L. and
	{Collins-Hughes}, E. and {Connolly}, M.~P. and {Cui}, W. and
	{Decerprit}, G. and {Dickherber}, R. and {Dumm}, J. and {Errando}, M. and
	{Falcone}, A. and {Feng}, Q. and {Ferrer}, F. and {Finley}, J.~P. and
	{Finnegan}, G. and {Fortson}, L. and {Furniss}, A. and {Galante}, N. and
	{Gall}, D. and {Godambe}, S. and {Griffin}, S. and {Grube}, J. and
	{Gyuk}, G. and {Hanna}, D. and {Holder}, J. and {Huan}, H. and
	{Hughes}, G. and {Humensky}, T.~B. and {Kaaret}, P. and {Karlsson}, N. and
	{Kertzman}, M. and {Khassen}, Y. and {Kieda}, D. and {Krawczynski}, H. and
	{Krennrich}, F. and {Lee}, K. and {Madhavan}, A.~S. and {Maier}, G. and
	{Majumdar}, P. and {McArthur}, S. and {McCann}, A. and {Moriarty}, P. and
	{Mukherjee}, R. and {Ong}, R.~A. and {Orr}, M. and {Otte}, A.~N. and
	{Park}, N. and {Perkins}, J.~S. and {Pohl}, M. and {Prokoph}, H. and
	{Quinn}, J. and {Ragan}, K. and {Reyes}, L.~C. and {Reynolds}, P.~T. and
	{Roache}, E. and {Rose}, H.~J. and {Ruppel}, J. and {Saxon}, D.~B. and
	{Schroedter}, M. and {Sembroski}, G.~H. and {{\c S}ent{\"u}rk}, G.~D. and
	{Skole}, C. and {Smith}, A.~W. and {Staszak}, D. and {Telezhinsky}, I. and
	{Te{\v s}i{\'c}}, G. and {Theiling}, M. and {Thibadeau}, S. and
	{Tsurusaki}, K. and {Varlotta}, A. and {Vassiliev}, V.~V. and
	{Vincent}, S. and {Vivier}, M. and {Wagner}, R.~G. and {Wakely}, S.~P. and
	{Ward}, J.~E. and {Weekes}, T.~C. and {Weinstein}, A. and {Weisgarber}, T. and
	{Williams}, D.~A. and {Zitzer}, B.},
    title = "{VERITAS deep observations of the dwarf spheroidal galaxy Segue 1}",
  journal = {\prd},
archivePrefix = "arXiv",
   eprint = {1202.2144},
 primaryClass = "astro-ph.HE",
 keywords = {gamma-ray, Dark matter, Dwarf galaxies, Dwarf galaxies},
     year = 2012,
    month = mar,
   volume = 85,
   number = 6,
      eid = {062001},
    pages = {062001},
      doi = {10.1103/PhysRevD.85.062001},
   adsurl = {http://adsabs.harvard.edu/abs/2012PhRvD..85f2001A},
  adsnote = {Provided by the SAO/NASA Astrophysics Data System}
}

@ARTICLE{2014PhRvD..89d2001A,
   author = {{Ackermann}, M. and {Albert}, A. and {Anderson}, B. and {Baldini}, L. and
	{Ballet}, J. and {Barbiellini}, G. and {Bastieri}, D. and {Bechtol}, K. and
	{Bellazzini}, R. and {Bissaldi}, E. and {Bloom}, E.~D. and {Bonamente}, E. and
	{Bouvier}, A. and {Brandt}, T.~J. and {Bregeon}, J. and {Brigida}, M. and
	{Bruel}, P. and {Buehler}, R. and {Buson}, S. and {Caliandro}, G.~A. and
	{Cameron}, R.~A. and {Caragiulo}, M. and {Caraveo}, P.~A. and
	{Cecchi}, C. and {Charles}, E. and {Chekhtman}, A. and {Chiang}, J. and
	{Ciprini}, S. and {Claus}, R. and {Cohen-Tanugi}, J. and {Conrad}, J. and
	{D'Ammando}, F. and {de Angelis}, A. and {Dermer}, C.~D. and
	{Digel}, S.~W. and {do Couto e Silva}, E. and {Drell}, P.~S. and
	{Drlica-Wagner}, A. and {Essig}, R. and {Favuzzi}, C. and {Ferrara}, E.~C. and
	{Franckowiak}, A. and {Fukazawa}, Y. and {Funk}, S. and {Fusco}, P. and
	{Gargano}, F. and {Gasparrini}, D. and {Giglietto}, N. and {Giroletti}, M. and
	{Godfrey}, G. and {Gomez-Vargas}, G.~A. and {Grenier}, I.~A. and
	{Guiriec}, S. and {Gustafsson}, M. and {Hayashida}, M. and {Hays}, E. and
	{Hewitt}, J. and {Hughes}, R.~E. and {Jogler}, T. and {Kamae}, T. and
	{Kn{\"o}dlseder}, J. and {Kocevski}, D. and {Kuss}, M. and {Larsson}, S. and
	{Latronico}, L. and {Llena Garde}, M. and {Longo}, F. and {Loparco}, F. and
	{Lovellette}, M.~N. and {Lubrano}, P. and {Martinez}, G. and
	{Mayer}, M. and {Mazziotta}, M.~N. and {Michelson}, P.~F. and
	{Mitthumsiri}, W. and {Mizuno}, T. and {Moiseev}, A.~A. and
	{Monzani}, M.~E. and {Morselli}, A. and {Moskalenko}, I.~V. and
	{Murgia}, S. and {Nemmen}, R. and {Nuss}, E. and {Ohsugi}, T. and
	{Orlando}, E. and {Ormes}, J.~F. and {Perkins}, J.~S. and {Piron}, F. and
	{Pivato}, G. and {Porter}, T.~A. and {Rain{\`o}}, S. and {Rando}, R. and
	{Razzano}, M. and {Razzaque}, S. and {Reimer}, A. and {Reimer}, O. and
	{Ritz}, S. and {S{\'a}nchez-Conde}, M. and {Sehgal}, N. and
	{Sgr{\`o}}, C. and {Siskind}, E.~J. and {Spinelli}, P. and {Strigari}, L. and
	{Suson}, D.~J. and {Tajima}, H. and {Takahashi}, H. and {Thayer}, J.~B. and
	{Tibaldo}, L. and {Tinivella}, M. and {Torres}, D.~F. and {Uchiyama}, Y. and
	{Usher}, T.~L. and {Vandenbroucke}, J. and {Vianello}, G. and
	{Vitale}, V. and {Werner}, M. and {Winer}, B.~L. and {Wood}, K.~S. and
	{Wood}, M. and {Zaharijas}, G. and {Zimmer}, S. and {Fermi-LAT Collaboration}
	},
    title = "{Dark matter constraints from observations of 25 Milky{\^A} Way satellite galaxies with the Fermi Large Area Telescope}",
  journal = {\prd},
archivePrefix = "arXiv",
   eprint = {1310.0828},
 primaryClass = "astro-ph.HE",
 keywords = {Dark matter, gamma-ray, Dwarf galaxies},
     year = 2014,
    month = feb,
   volume = 89,
   number = 4,
      eid = {042001},
    pages = {042001},
      doi = {10.1103/PhysRevD.89.042001},
   adsurl = {http://adsabs.harvard.edu/abs/2014PhRvD..89d2001A},
  adsnote = {Provided by the SAO/NASA Astrophysics Data System}
}

@ARTICLE{2014JCAP...02..008A,
   author = {{Aleksi{\'c}}, J. and {Ansoldi}, S. and {Antonelli}, L.~A. and
	{Antoranz}, P. and {Babic}, A. and {Bangale}, P. and {Barres de Almeida}, U. and
	{Barrio}, J.~A. and {Becerra Gonz{\'a}lez}, J. and {Bednarek}, W. and
	{Berger}, K. and {Bernardini}, E. and {Biland}, A. and {Blanch}, O. and
	{Bock}, R.~K. and {Bonnefoy}, S. and {Bonnoli}, G. and {Borracci}, F. and
	{Bretz}, T. and {Carmona}, E. and {Carosi}, A. and {Carreto Fidalgo}, D. and
	{Colin}, P. and {Colombo}, E. and {Contreras}, J.~L. and {Cortina}, J. and
	{Covino}, S. and {Da Vela}, P. and {Dazzi}, F. and {De Angelis}, A. and
	{De Caneva}, G. and {De Lotto}, B. and {Delgado Mendez}, C. and
	{Doert}, M. and {Dom{\'{\i}}nguez}, A. and {Dominis Prester}, D. and
	{Dorner}, D. and {Doro}, M. and {Einecke}, S. and {Eisenacher}, D. and
	{Elsaesser}, D. and {Farina}, E. and {Ferenc}, D. and {Fonseca}, M.~V. and
	{Font}, L. and {Frantzen}, K. and {Fruck}, C. and {Garc{\'{\i}}a L{\'o}pez}, R.~J. and
	{Garczarczyk}, M. and {Garrido Terrats}, D. and {Gaug}, M. and
	{Giavitto}, G. and {Godinovi{\'c}}, N. and {Gonz{\'a}lez Mu{\~n}oz}, A. and
	{Gozzini}, S.~R. and {Hadasch}, D. and {Hayashida}, M. and {Herrero}, A. and
	{Hildebrand}, D. and {Hose}, J. and {Hrupec}, D. and {Idec}, W. and
	{Kadenius}, V. and {Kellermann}, H. and {Kodani}, K. and {Konno}, Y. and
	{Krause}, J. and {Kubo}, H. and {Kushida}, J. and {La Barbera}, A. and
	{Lelas}, D. and {Lewandowska}, N. and {Lindfors}, E. and {Lombardi}, S. and
	{L{\'o}pez}, M. and {L{\'o}pez-Coto}, R. and {L{\'o}pez-Oramas}, A. and
	{Lorenz}, E. and {Lozano}, I. and {Makariev}, M. and {Mallot}, K. and
	{Maneva}, G. and {Mankuzhiyil}, N. and {Mannheim}, K. and {Maraschi}, L. and
	{Marcote}, B. and {Mariotti}, M. and {Mart{\'{\i}}nez}, M. and
	{Mazin}, D. and {Menzel}, U. and {Meucci}, M. and {Miranda}, J.~M. and
	{Mirzoyan}, R. and {Moralejo}, A. and {Munar-Adrover}, P. and
	{Nakajima}, D. and {Niedzwiecki}, A. and {Nilsson}, K. and {Nishijima}, K. and
	{Nowak}, N. and {Orito}, R. and {Overkemping}, A. and {Paiano}, S. and
	{Palatiello}, M. and {Paneque}, D. and {Paoletti}, R. and {Paredes}, J.~M. and
	{Paredes-Fortuny}, X. and {Partini}, S. and {Persic}, M. and
	{Prada}, F. and {Prada Moroni}, P.~G. and {Prandini}, E. and
	{Preziuso}, S. and {Puljak}, I. and {Reinthal}, R. and {Rhode}, W. and
	{Rib{\'o}}, M. and {Rico}, J. and {Rodriguez Garcia}, J. and
	{R{\"u}gamer}, S. and {Saggion}, A. and {Saito}, T. and {Saito}, K. and
	{Salvati}, M. and {Satalecka}, K. and {Scalzotto}, V. and {Scapin}, V. and
	{Schultz}, C. and {Schweizer}, T. and {Sillanp{\"a}{\"a}}, A. and
	{Sitarek}, J. and {Snidaric}, I. and {Sobczynska}, D. and {Spanier}, F. and
	{Stamatescu}, V. and {Stamerra}, A. and {Steinbring}, T. and
	{Storz}, J. and {Sun}, S. and {Suri{\'c}}, T. and {Takalo}, L. and
	{Takami}, H. and {Tavecchio}, F. and {Temnikov}, P. and {Terzi{\'c}}, T. and
	{Tescaro}, D. and {Teshima}, M. and {Thaele}, J. and {Tibolla}, O. and
	{Torres}, D.~F. and {Toyama}, T. and {Treves}, A. and {Uellenbeck}, M. and
	{Vogler}, P. and {Wagner}, R.~M. and {Zandanel}, F. and {Zanin}, R. and
	{Ibarra}, A.},
    title = "{Optimized dark matter searches in deep observations of Segue 1 with MAGIC}",
  journal = {\jcap},
archivePrefix = "arXiv",
   eprint = {1312.1535},
 primaryClass = "hep-ph",
     year = 2014,
    month = feb,
   volume = 2,
      eid = {008},
    pages = {008},
      doi = {10.1088/1475-7516/2014/02/008},
   adsurl = {http://adsabs.harvard.edu/abs/2014JCAP...02..008A},
  adsnote = {Provided by the SAO/NASA Astrophysics Data System}
}

@ARTICLE{2014PhRvD..90k2012A,
   author = {{Abramowski}, A. and {Aharonian}, F. and {Ait Benkhali}, F. and
	{Akhperjanian}, A.~G. and {Ang{\"u}ner}, E. and {Backes}, M. and
	{Balenderan}, S. and {Balzer}, A. and {Barnacka}, A. and {Becherini}, Y. and et al.},
    title = "{Search for dark matter annihilation signatures in H.E.S.S. observations of dwarf spheroidal galaxies}",
  journal = {\prd},
archivePrefix = "arXiv",
   eprint = {1410.2589},
 primaryClass = "astro-ph.HE",
 keywords = {Dark matter},
     year = 2014,
    month = dec,
   volume = 90,
   number = 11,
      eid = {112012},
    pages = {112012},
      doi = {10.1103/PhysRevD.90.112012},
   adsurl = {http://adsabs.harvard.edu/abs/2014PhRvD..90k2012A},
  adsnote = {Provided by the SAO/NASA Astrophysics Data System}
}

@ARTICLE{2015PhRvD..91h3535G,
   author = {{Geringer-Sameth}, A. and {Koushiappas}, S.~M. and {Walker}, M.~G.
	},
    title = "{Comprehensive search for dark matter annihilation in dwarf galaxies}",
  journal = {\prd},
archivePrefix = "arXiv",
   eprint = {1410.2242},
 keywords = {Dark matter, Models beyond the standard model, X- and gamma-ray telescopes and instrumentation, Dwarf galaxies},
     year = 2015,
    month = apr,
   volume = 91,
   number = 8,
      eid = {083535},
    pages = {083535},
      doi = {10.1103/PhysRevD.91.083535},
   adsurl = {http://adsabs.harvard.edu/abs/2015PhRvD..91h3535G},
  adsnote = {Provided by the SAO/NASA Astrophysics Data System}
}

@ARTICLE{2015PhRvL.115w1301A,
   author = {{Ackermann}, M. and {Albert}, A. and {Anderson}, B. and {Atwood}, W.~B. and
	{Baldini}, L. and {Barbiellini}, G. and {Bastieri}, D. and {Bechtol}, K. and
	{Bellazzini}, R. and {Bissaldi}, E. and {Blandford}, R.~D. and
	{Bloom}, E.~D. and {Bonino}, R. and {Bottacini}, E. and {Brandt}, T.~J. and
	{Bregeon}, J. and {Bruel}, P. and {Buehler}, R. and {Caliandro}, G.~A. and
	{Cameron}, R.~A. and {Caputo}, R. and {Caragiulo}, M. and {Caraveo}, P.~A. and
	{Cecchi}, C. and {Charles}, E. and {Chekhtman}, A. and {Chiang}, J. and
	{Chiaro}, G. and {Ciprini}, S. and {Claus}, R. and {Cohen-Tanugi}, J. and
	{Conrad}, J. and {Cuoco}, A. and {Cutini}, S. and {D'Ammando}, F. and
	{de Angelis}, A. and {de Palma}, F. and {Desiante}, R. and {Digel}, S.~W. and
	{Di Venere}, L. and {Drell}, P.~S. and {Drlica-Wagner}, A. and
	{Essig}, R. and {Favuzzi}, C. and {Fegan}, S.~J. and {Ferrara}, E.~C. and
	{Focke}, W.~B. and {Franckowiak}, A. and {Fukazawa}, Y. and
	{Funk}, S. and {Fusco}, P. and {Gargano}, F. and {Gasparrini}, D. and
	{Giglietto}, N. and {Giordano}, F. and {Giroletti}, M. and {Glanzman}, T. and
	{Godfrey}, G. and {Gomez-Vargas}, G.~A. and {Grenier}, I.~A. and
	{Guiriec}, S. and {Gustafsson}, M. and {Hays}, E. and {Hewitt}, J.~W. and
	{Horan}, D. and {Jogler}, T. and {J{\'o}hannesson}, G. and {Kuss}, M. and
	{Larsson}, S. and {Latronico}, L. and {Li}, J. and {Li}, L. and
	{Llena Garde}, M. and {Longo}, F. and {Loparco}, F. and {Lubrano}, P. and
	{Malyshev}, D. and {Mayer}, M. and {Mazziotta}, M.~N. and {McEnery}, J.~E. and
	{Meyer}, M. and {Michelson}, P.~F. and {Mizuno}, T. and {Moiseev}, A.~A. and
	{Monzani}, M.~E. and {Morselli}, A. and {Murgia}, S. and {Nuss}, E. and
	{Ohsugi}, T. and {Orienti}, M. and {Orlando}, E. and {Ormes}, J.~F. and
	{Paneque}, D. and {Perkins}, J.~S. and {Pesce-Rollins}, M. and
	{Piron}, F. and {Pivato}, G. and {Porter}, T.~A. and {Rain{\`o}}, S. and
	{Rando}, R. and {Razzano}, M. and {Reimer}, A. and {Reimer}, O. and
	{Ritz}, S. and {S{\'a}nchez-Conde}, M. and {Schulz}, A. and
	{Sehgal}, N. and {Sgr{\`o}}, C. and {Siskind}, E.~J. and {Spada}, F. and
	{Spandre}, G. and {Spinelli}, P. and {Strigari}, L. and {Tajima}, H. and
	{Takahashi}, H. and {Thayer}, J.~B. and {Tibaldo}, L. and {Torres}, D.~F. and
	{Troja}, E. and {Vianello}, G. and {Werner}, M. and {Winer}, B.~L. and
	{Wood}, K.~S. and {Wood}, M. and {Zaharijas}, G. and {Zimmer}, S. and
	{Fermi-LAT Collaboration}},
    title = "{Searching for Dark Matter Annihilation from Milky Way Dwarf Spheroidal Galaxies with Six Years of Fermi Large Area Telescope Data}",
  journal = {Physical Review Letters},
archivePrefix = "arXiv",
   eprint = {1503.02641},
 primaryClass = "astro-ph.HE",
 keywords = {Dark matter, gamma-ray, Dwarf galaxies, gamma-ray sources, gamma-ray bursts},
     year = 2015,
    month = dec,
   volume = 115,
   number = 23,
      eid = {231301},
    pages = {231301},
      doi = {10.1103/PhysRevLett.115.231301},
   adsurl = {http://adsabs.harvard.edu/abs/2015PhRvL.115w1301A},
  adsnote = {Provided by the SAO/NASA Astrophysics Data System}
}

@ARTICLE{2015arXiv150901105Z,
   author = {{Zitzer}, B. and {for the VERITAS Collaboration}},
    title = "{Search for Dark Matter from Dwarf Galaxies using VERITAS}",
  journal = {ArXiv e-prints},
archivePrefix = "arXiv",
   eprint = {1509.01105},
 primaryClass = "astro-ph.HE",
 keywords = {Astrophysics - High Energy Astrophysical Phenomena},
     year = 2015,
    month = sep,
   adsurl = {http://adsabs.harvard.edu/abs/2015arXiv150901105Z},
  adsnote = {Provided by the SAO/NASA Astrophysics Data System}
}

@ARTICLE{2015arXiv150806128C,
   author = {{Carr}, J. and {Balazs}, C. and {Bringmann}, T. and {Buanes}, T. and
	{Daniel}, M.~K. and {Doro}, M. and {Farnier}, C. and {Fornasa}, M. and
	{Gaskins}, J. and {Gomez-Vargas}, G.~A. and {Hayashida}, M. and
	{Kohri}, K. and {Lefranc}, V. and {Morselli}, A. and {Moulin}, E. and
	{Mirabal}, N. and {Rico}, J. and {Saito}, T. and {Sanchez-Conde}, M.~A. and
	{Wilkinson}, M. and {Wood}, M. and {Zaharijas}, G. and {CTA Consortium}, H.-S.~Z.~F.~t.
	},
    title = "{Prospects for Indirect Dark Matter Searches with the Cherenkov Telescope Array (CTA)}",
  journal = {ArXiv e-prints},
archivePrefix = "arXiv",
   eprint = {1508.06128},
 primaryClass = "astro-ph.HE",
 keywords = {Astrophysics - High Energy Astrophysical Phenomena},
     year = 2015,
    month = aug,
   adsurl = {http://adsabs.harvard.edu/abs/2015arXiv150806128C},
  adsnote = {Provided by the SAO/NASA Astrophysics Data System}
}

@ARTICLE{2015ApJ...805..130K,
   author = {{Koposov}, S.~E. and {Belokurov}, V. and {Torrealba}, G. and
	{Evans}, N.~W.},
    title = "{Beasts of the Southern Wild : Discovery of nine Ultra Faint satellites in the vicinity of the Magellanic Clouds.}",
  journal = {\apj},
archivePrefix = "arXiv",
   eprint = {1503.02079},
 keywords = {galaxies: dwarf, galaxies: kinematics and dynamics, Galaxy: halo, globular clusters: general},
     year = 2015,
    month = jun,
   volume = 805,
      eid = {130},
    pages = {130},
      doi = {10.1088/0004-637X/805/2/130},
   adsurl = {http://adsabs.harvard.edu/abs/2015ApJ...805..130K},
  adsnote = {Provided by the SAO/NASA Astrophysics Data System}
}

@ARTICLE{2015ApJ...807...50B,
   author = {{Bechtol}, K. and {Drlica-Wagner}, A. and {Balbinot}, E. and
	{Pieres}, A. and {Simon}, J.~D. and {Yanny}, B. and {Santiago}, B. and
	{Wechsler}, R.~H. and {Frieman}, J. and {Walker}, A.~R. and
	{Williams}, P. and {Rozo}, E. and {Rykoff}, E.~S. and {Queiroz}, A. and
	{Luque}, E. and {Benoit-L{\'e}vy}, A. and {Tucker}, D. and {Sevilla}, I. and
	{Gruendl}, R.~A. and {da Costa}, L.~N. and {Fausti Neto}, A. and
	{Maia}, M.~A.~G. and {Abbott}, T. and {Allam}, S. and {Armstrong}, R. and
	{Bauer}, A.~H. and {Bernstein}, G.~M. and {Bernstein}, R.~A. and
	{Bertin}, E. and {Brooks}, D. and {Buckley-Geer}, E. and {Burke}, D.~L. and
	{Carnero Rosell}, A. and {Castander}, F.~J. and {Covarrubias}, R. and
	{D'Andrea}, C.~B. and {DePoy}, D.~L. and {Desai}, S. and {Diehl}, H.~T. and
	{Eifler}, T.~F. and {Estrada}, J. and {Evrard}, A.~E. and {Fernandez}, E. and
	{Finley}, D.~A. and {Flaugher}, B. and {Gaztanaga}, E. and {Gerdes}, D. and
	{Girardi}, L. and {Gladders}, M. and {Gruen}, D. and {Gutierrez}, G. and
	{Hao}, J. and {Honscheid}, K. and {Jain}, B. and {James}, D. and
	{Kent}, S. and {Kron}, R. and {Kuehn}, K. and {Kuropatkin}, N. and
	{Lahav}, O. and {Li}, T.~S. and {Lin}, H. and {Makler}, M. and
	{March}, M. and {Marshall}, J. and {Martini}, P. and {Merritt}, K.~W. and
	{Miller}, C. and {Miquel}, R. and {Mohr}, J. and {Neilsen}, E. and
	{Nichol}, R. and {Nord}, B. and {Ogando}, R. and {Peoples}, J. and
	{Petravick}, D. and {Plazas}, A.~A. and {Romer}, A.~K. and {Roodman}, A. and
	{Sako}, M. and {Sanchez}, E. and {Scarpine}, V. and {Schubnell}, M. and
	{Smith}, R.~C. and {Soares-Santos}, M. and {Sobreira}, F. and
	{Suchyta}, E. and {Swanson}, M.~E.~C. and {Tarle}, G. and {Thaler}, J. and
	{Thomas}, D. and {Wester}, W. and {Zuntz}, J. and {DES Collaboration}
	},
    title = "{Eight New Milky Way Companions Discovered in First-year Dark Energy Survey Data}",
  journal = {\apj},
archivePrefix = "arXiv",
   eprint = {1503.02584},
 keywords = {galaxies: dwarf, Local Group},
     year = 2015,
    month = jul,
   volume = 807,
      eid = {50},
    pages = {50},
      doi = {10.1088/0004-637X/807/1/50},
   adsurl = {http://adsabs.harvard.edu/abs/2015ApJ...807...50B},
  adsnote = {Provided by the SAO/NASA Astrophysics Data System}
}

@ARTICLE{2015ApJ...802L..18L,
   author = {{Laevens}, B.~P.~M. and {Martin}, N.~F. and {Ibata}, R.~A. and
	{Rix}, H.-W. and {Bernard}, E.~J. and {Bell}, E.~F. and {Sesar}, B. and
	{Ferguson}, A.~M.~N. and {Schlafly}, E.~F. and {Slater}, C.~T. and
	{Burgett}, W.~S. and {Chambers}, K.~C. and {Flewelling}, H. and
	{Hodapp}, K.~A. and {Kaiser}, N. and {Kudritzki}, R.-P. and
	{Lupton}, R.~H. and {Magnier}, E.~A. and {Metcalfe}, N. and
	{Morgan}, J.~S. and {Price}, P.~A. and {Tonry}, J.~L. and {Wainscoat}, R.~J. and
	{Waters}, C.},
    title = "{A New Faint Milky Way Satellite Discovered in the Pan-STARRS1 3{$\pi$} Survey}",
  journal = {\apjl},
archivePrefix = "arXiv",
   eprint = {1503.05554},
 keywords = {galaxies: dwarf, Galaxy: structure, globular clusters: general, Local Group},
     year = 2015,
    month = apr,
   volume = 802,
      eid = {L18},
    pages = {L18},
      doi = {10.1088/2041-8205/802/2/L18},
   adsurl = {http://adsabs.harvard.edu/abs/2015ApJ...802L..18L},
  adsnote = {Provided by the SAO/NASA Astrophysics Data System}
}

@ARTICLE{2015ApJ...813..109D,
   author = {{Drlica-Wagner}, A. and {Bechtol}, K. and {Rykoff}, E.~S. and
	{Luque}, E. and {Queiroz}, A. and {Mao}, Y.-Y. and {Wechsler}, R.~H. and
	{Simon}, J.~D. and {Santiago}, B. and {Yanny}, B. and {Balbinot}, E. and
	{Dodelson}, S. and {Fausti Neto}, A. and {James}, D.~J. and
	{Li}, T.~S. and {Maia}, M.~A.~G. and {Marshall}, J.~L. and {Pieres}, A. and
	{Stringer}, K. and {Walker}, A.~R. and {Abbott}, T.~M.~C. and
	{Abdalla}, F.~B. and {Allam}, S. and {Benoit-L{\'e}vy}, A. and
	{Bernstein}, G.~M. and {Bertin}, E. and {Brooks}, D. and {Buckley-Geer}, E. and
	{Burke}, D.~L. and {Carnero Rosell}, A. and {Carrasco Kind}, M. and
	{Carretero}, J. and {Crocce}, M. and {da Costa}, L.~N. and {Desai}, S. and
	{Diehl}, H.~T. and {Dietrich}, J.~P. and {Doel}, P. and {Eifler}, T.~F. and
	{Evrard}, A.~E. and {Finley}, D.~A. and {Flaugher}, B. and {Fosalba}, P. and
	{Frieman}, J. and {Gaztanaga}, E. and {Gerdes}, D.~W. and {Gruen}, D. and
	{Gruendl}, R.~A. and {Gutierrez}, G. and {Honscheid}, K. and
	{Kuehn}, K. and {Kuropatkin}, N. and {Lahav}, O. and {Martini}, P. and
	{Miquel}, R. and {Nord}, B. and {Ogando}, R. and {Plazas}, A.~A. and
	{Reil}, K. and {Roodman}, A. and {Sako}, M. and {Sanchez}, E. and
	{Scarpine}, V. and {Schubnell}, M. and {Sevilla-Noarbe}, I. and
	{Smith}, R.~C. and {Soares-Santos}, M. and {Sobreira}, F. and
	{Suchyta}, E. and {Swanson}, M.~E.~C. and {Tarle}, G. and {Tucker}, D. and
	{Vikram}, V. and {Wester}, W. and {Zhang}, Y. and {Zuntz}, J. and
	{DES Collaboration}},
    title = "{Eight Ultra-faint Galaxy Candidates Discovered in Year Two of the Dark Energy Survey}",
  journal = {\apj},
archivePrefix = "arXiv",
   eprint = {1508.03622},
 keywords = {galaxies: dwarf, Local Group},
     year = 2015,
    month = nov,
   volume = 813,
      eid = {109},
    pages = {109},
      doi = {10.1088/0004-637X/813/2/109},
   adsurl = {http://adsabs.harvard.edu/abs/2015ApJ...813..109D},
  adsnote = {Provided by the SAO/NASA Astrophysics Data System}
}

@ARTICLE{2015PhRvD..91f3515H,
   author = {{He}, C. and {Bechtol}, K. and {Hearin}, A.~P. and {Hooper}, D.
	},
    title = "{Prospects for detecting gamma rays from annihilating dark matter in dwarf galaxies in the era of the Dark Energy Survey and Large Synoptic Survey Telescope}",
  journal = {\prd},
 keywords = {Dark matter, Local group, Magellanic Clouds, Dwarf galaxies},
     year = 2015,
    month = mar,
   volume = 91,
   number = 6,
      eid = {063515},
    pages = {063515},
      doi = {10.1103/PhysRevD.91.063515},
   adsurl = {http://adsabs.harvard.edu/abs/2015PhRvD..91f3515H},
  adsnote = {Provided by the SAO/NASA Astrophysics Data System}
}

@ARTICLE{2015PhRvL.115h1101G,
   author = {{Geringer-Sameth}, A. and {Walker}, M.~G. and {Koushiappas}, S.~M. and
	{Koposov}, S.~E. and {Belokurov}, V. and {Torrealba}, G. and
	{Evans}, N.~W.},
    title = "{Indication of Gamma-Ray Emission from the Newly Discovered Dwarf Galaxy Reticulum II}",
  journal = {Physical Review Letters},
archivePrefix = "arXiv",
   eprint = {1503.02320},
 primaryClass = "astro-ph.HE",
 keywords = {gamma-ray sources, gamma-ray bursts, Dark matter, gamma-ray, Dwarf galaxies},
     year = 2015,
    month = aug,
   volume = 115,
   number = 8,
      eid = {081101},
    pages = {081101},
      doi = {10.1103/PhysRevLett.115.081101},
   adsurl = {http://adsabs.harvard.edu/abs/2015PhRvL.115h1101G},
  adsnote = {Provided by the SAO/NASA Astrophysics Data System}
}

@ARTICLE{2015ApJ...809L...4D,
   author = {{Drlica-Wagner}, A. and {Albert}, A. and {Bechtol}, K. and {Wood}, M. and
	{Strigari}, L. and {S{\'a}nchez-Conde}, M. and {Baldini}, L. and
	{Essig}, R. and {Cohen-Tanugi}, J. and {Anderson}, B. and {Bellazzini}, R. and
	{Bloom}, E.~D. and {Caputo}, R. and {Cecchi}, C. and {Charles}, E. and
	{Chiang}, J. and {de Angelis}, A. and {Funk}, S. and {Fusco}, P. and
	{Gargano}, F. and {Giglietto}, N. and {Giordano}, F. and {Guiriec}, S. and
	{Gustafsson}, M. and {Kuss}, M. and {Loparco}, F. and {Lubrano}, P. and
	{Mirabal}, N. and {Mizuno}, T. and {Morselli}, A. and {Ohsugi}, T. and
	{Orlando}, E. and {Persic}, M. and {Rain{\`o}}, S. and {Sehgal}, N. and
	{Spada}, F. and {Suson}, D.~J. and {Zaharijas}, G. and {Zimmer}, S. and
	{Fermi-LAT Collaboration} and {Abbott}, T. and {Allam}, S. and
	{Balbinot}, E. and {Bauer}, A.~H. and {Benoit-L{\'e}vy}, A. and
	{Bernstein}, R.~A. and {Bernstein}, G.~M. and {Bertin}, E. and
	{Brooks}, D. and {Buckley-Geer}, E. and {Burke}, D.~L. and {Carnero Rosell}, A. and
	{Castander}, F.~J. and {Covarrubias}, R. and {D'Andrea}, C.~B. and
	{da Costa}, L.~N. and {DePoy}, D.~L. and {Desai}, S. and {Diehl}, H.~T. and
	{Cunha}, C.~E. and {Eifler}, T.~F. and {Estrada}, J. and {Evrard}, A.~E. and
	{Fausti Neto}, A. and {Fernandez}, E. and {Finley}, D.~A. and
	{Flaugher}, B. and {Frieman}, J. and {Gaztanaga}, E. and {Gerdes}, D. and
	{Gruen}, D. and {Gruendl}, R.~A. and {Gutierrez}, G. and {Honscheid}, K. and
	{Jain}, B. and {James}, D. and {Jeltema}, T. and {Kent}, S. and
	{Kron}, R. and {Kuehn}, K. and {Kuropatkin}, N. and {Lahav}, O. and
	{Li}, T.~S. and {Luque}, E. and {Maia}, M.~A.~G. and {Makler}, M. and
	{March}, M. and {Marshall}, J. and {Martini}, P. and {Merritt}, K.~W. and
	{Miller}, C. and {Miquel}, R. and {Mohr}, J. and {Neilsen}, E. and
	{Nord}, B. and {Ogando}, R. and {Peoples}, J. and {Petravick}, D. and
	{Pieres}, A. and {Plazas}, A.~A. and {Queiroz}, A. and {Romer}, A.~K. and
	{Roodman}, A. and {Rykoff}, E.~S. and {Sako}, M. and {Sanchez}, E. and
	{Santiago}, B. and {Scarpine}, V. and {Schubnell}, M. and {Sevilla}, I. and
	{Smith}, R.~C. and {Soares-Santos}, M. and {Sobreira}, F. and
	{Suchyta}, E. and {Swanson}, M.~E.~C. and {Tarle}, G. and {Thaler}, J. and
	{Thomas}, D. and {Tucker}, D. and {Walker}, A.~R. and {Wechsler}, R.~H. and
	{Wester}, W. and {Williams}, P. and {Yanny}, B. and {Zuntz}, J. and
	{DES Collaboration}},
    title = "{Search for Gamma-Ray Emission from DES Dwarf Spheroidal Galaxy Candidates with Fermi-LAT Data}",
  journal = {\apjl},
archivePrefix = "arXiv",
   eprint = {1503.02632},
 primaryClass = "astro-ph.HE",
 keywords = {dark matter, galaxies: dwarf, gamma rays: galaxies, Local Group},
     year = 2015,
    month = aug,
   volume = 809,
      eid = {L4},
    pages = {L4},
      doi = {10.1088/2041-8205/809/1/L4},
   adsurl = {http://adsabs.harvard.edu/abs/2015ApJ...809L...4D},
  adsnote = {Provided by the SAO/NASA Astrophysics Data System}
}

@ARTICLE{2015arXiv151109252L,
   author = {{Li}, S. and {Liang}, Y.-F. and {Duan}, K.-K. and {Shen}, Z.-Q. and
	{Huang}, X. and {Li}, X. and {Fan}, Y.-Z. and {Liao}, N.-H. and
	{Feng}, L. and {Chang}, J.},
    title = "{Search for gamma-ray emission from eight dwarf spheroidal galaxy candidates discovered in Year Two of Dark Energy Survey with Fermi-LAT data}",
  journal = {ArXiv e-prints},
archivePrefix = "arXiv",
   eprint = {1511.09252},
 primaryClass = "astro-ph.HE",
 keywords = {Astrophysics - High Energy Astrophysical Phenomena, Astrophysics - Cosmology and Nongalactic Astrophysics, High Energy Physics - Phenomenology},
     year = 2015,
    month = nov,
   adsurl = {http://adsabs.harvard.edu/abs/2015arXiv151109252L},
  adsnote = {Provided by the SAO/NASA Astrophysics Data System}
}

@ARTICLE{2015JCAP...09..016H,
   author = {{Hooper}, D. and {Linden}, T.},
    title = "{On The gamma-ray emission from Reticulum II and other dwarf galaxies}",
  journal = {\jcap},
archivePrefix = "arXiv",
   eprint = {1503.06209},
 primaryClass = "astro-ph.HE",
     year = 2015,
    month = sep,
   volume = 9,
      eid = {016},
    pages = {016},
      doi = {10.1088/1475-7516/2015/09/016},
   adsurl = {http://adsabs.harvard.edu/abs/2015JCAP...09..016H},
  adsnote = {Provided by the SAO/NASA Astrophysics Data System}
}

@ARTICLE{2015ApJ...801...74G,
   author = {{Geringer-Sameth}, A. and {Koushiappas}, S.~M. and {Walker}, M.
	},
    title = "{Dwarf Galaxy Annihilation and Decay Emission Profiles for Dark Matter Experiments}",
  journal = {\apj},
archivePrefix = "arXiv",
   eprint = {1408.0002},
 keywords = {dark matter, galaxies: dwarf, galaxies: fundamental parameters, galaxies: kinematics and dynamics },
     year = 2015,
    month = mar,
   volume = 801,
      eid = {74},
    pages = {74},
      doi = {10.1088/0004-637X/801/2/74},
   adsurl = {http://adsabs.harvard.edu/abs/2015ApJ...801...74G},
  adsnote = {Provided by the SAO/NASA Astrophysics Data System}
}

@ARTICLE{2015MNRAS.453..849B,
   author = {{Bonnivard}, V. and {Combet}, C. and {Daniel}, M. and {Funk}, S. and
	{Geringer-Sameth}, A. and {Hinton}, J.~A. and {Maurin}, D. and
	{Read}, J.~I. and {Sarkar}, S. and {Walker}, M.~G. and {Wilkinson}, M.~I.
	},
    title = "{Dark matter annihilation and decay in dwarf spheroidal galaxies: the classical and ultrafaint dSphs}",
  journal = {\mnras},
archivePrefix = "arXiv",
   eprint = {1504.02048},
 primaryClass = "astro-ph.HE",
 keywords = {astroparticle physics, methods: miscellaneous, Galaxy: kinematics and dynamics, galaxies: dwarf-dark matter, gamma-rays: general},
     year = 2015,
    month = oct,
   volume = 453,
    pages = {849-867},
      doi = {10.1093/mnras/stv1601},
   adsurl = {http://adsabs.harvard.edu/abs/2015MNRAS.453..849B},
  adsnote = {Provided by the SAO/NASA Astrophysics Data System}
}

@ARTICLE{2016JCAP...02..039M,
   author = {{MAGIC collaboration}},
    title = "{Limits to dark matter annihilation cross-section from a combined analysis of MAGIC and Fermi-LAT observations of dwarf satellite galaxies}",
  journal = {\jcap},
archivePrefix = "arXiv",
   eprint = {1601.06590},
 primaryClass = "astro-ph.HE",
     year = 2016,
    month = feb,
   volume = 2,
      eid = {039},
    pages = {039},
      doi = {10.1088/1475-7516/2016/02/039},
   adsurl = {http://adsabs.harvard.edu/abs/2016JCAP...02..039M},
  adsnote = {Provided by the SAO/NASA Astrophysics Data System}
}

@ARTICLE{Co15,
   author = {{Conrad}, J.},
    title = "{Statistical issues in astrophysical searches for particle dark matter}",
  journal = {Astroparticle Physics},
archivePrefix = "arXiv",
   eprint = {1407.6617},
 keywords = {Dark matter, Statistical methods, Indirect detection, Direct detection},
     year = 2015,
    month = mar,
   volume = 62,
    pages = {165-177},
      doi = {10.1016/j.astropartphys.2014.09.003},
   adsurl = {http://adsabs.harvard.edu/abs/2015APh....62..165C},
  adsnote = {Provided by the SAO/NASA Astrophysics Data System}
}

@ARTICLE{Mar15,
   author = {{Martinez}, G.~D.},
    title = "{A robust determination of Milky Way satellite properties using hierarchical mass modelling}",
  journal = {\mnras},
archivePrefix = "arXiv",
   eprint = {1309.2641},
 keywords = {methods: statistical, galaxies: dwarf, galaxies: kinematics and dynamics, Local Group, galaxies: statistics, galaxies: structure},
     year = 2015,
    month = aug,
   volume = 451,
    pages = {2524-2535},
      doi = {10.1093/mnras/stv942},
   adsurl = {http://adsabs.harvard.edu/abs/2015MNRAS.451.2524M},
  adsnote = {Provided by the SAO/NASA Astrophysics Data System}
}


@ARTICLE{Dr15,
   author = {{Drlica-Wagner}, A. and {Albert}, A. and {Bechtol}, K. and {Wood}, M. and
  {Strigari}, L. and {S{\'a}nchez-Conde}, M. and {Baldini}, L. and
  {Essig}, R. and {Cohen-Tanugi}, J. and {Anderson}, B. and {Bellazzini}, R. and
  {Bloom}, E.~D. and {Caputo}, R. and {Cecchi}, C. and {Charles}, E. and
  {Chiang}, J. and {de Angelis}, A. and {Funk}, S. and {Fusco}, P. and
  {Gargano}, F. and {Giglietto}, N. and {Giordano}, F. and {Guiriec}, S. and
  {Gustafsson}, M. and {Kuss}, M. and {Loparco}, F. and {Lubrano}, P. and
  {Mirabal}, N. and {Mizuno}, T. and {Morselli}, A. and {Ohsugi}, T. and
  {Orlando}, E. and {Persic}, M. and {Rain{\`o}}, S. and {Sehgal}, N. and
  {Spada}, F. and {Suson}, D.~J. and {Zaharijas}, G. and {Zimmer}, S. and
  {Fermi-LAT Collaboration} and {Abbott}, T. and {Allam}, S. and
  {Balbinot}, E. and {Bauer}, A.~H. and {Benoit-L{\'e}vy}, A. and
  {Bernstein}, R.~A. and {Bernstein}, G.~M. and {Bertin}, E. and
  {Brooks}, D. and {Buckley-Geer}, E. and {Burke}, D.~L. and {Carnero Rosell}, A. and
  {Castander}, F.~J. and {Covarrubias}, R. and {D'Andrea}, C.~B. and
  {da Costa}, L.~N. and {DePoy}, D.~L. and {Desai}, S. and {Diehl}, H.~T. and
  {Cunha}, C.~E. and {Eifler}, T.~F. and {Estrada}, J. and {Evrard}, A.~E. and
  {Fausti Neto}, A. and {Fernandez}, E. and {Finley}, D.~A. and
  {Flaugher}, B. and {Frieman}, J. and {Gaztanaga}, E. and {Gerdes}, D. and
  {Gruen}, D. and {Gruendl}, R.~A. and {Gutierrez}, G. and {Honscheid}, K. and
  {Jain}, B. and {James}, D. and {Jeltema}, T. and {Kent}, S. and
  {Kron}, R. and {Kuehn}, K. and {Kuropatkin}, N. and {Lahav}, O. and
  {Li}, T.~S. and {Luque}, E. and {Maia}, M.~A.~G. and {Makler}, M. and
  {March}, M. and {Marshall}, J. and {Martini}, P. and {Merritt}, K.~W. and
  {Miller}, C. and {Miquel}, R. and {Mohr}, J. and {Neilsen}, E. and
  {Nord}, B. and {Ogando}, R. and {Peoples}, J. and {Petravick}, D. and
  {Pieres}, A. and {Plazas}, A.~A. and {Queiroz}, A. and {Romer}, A.~K. and
  {Roodman}, A. and {Rykoff}, E.~S. and {Sako}, M. and {Sanchez}, E. and
  {Santiago}, B. and {Scarpine}, V. and {Schubnell}, M. and {Sevilla}, I. and
  {Smith}, R.~C. and {Soares-Santos}, M. and {Sobreira}, F. and
  {Suchyta}, E. and {Swanson}, M.~E.~C. and {Tarle}, G. and {Thaler}, J. and
  {Thomas}, D. and {Tucker}, D. and {Walker}, A.~R. and {Wechsler}, R.~H. and
  {Wester}, W. and {Williams}, P. and {Yanny}, B. and {Zuntz}, J. and
  {DES Collaboration}},
    title = "{Search for Gamma-Ray Emission from DES Dwarf Spheroidal Galaxy Candidates with Fermi-LAT Data}",
  journal = {\apjl},
archivePrefix = "arXiv",
   eprint = {1503.02632},
 primaryClass = "astro-ph.HE",
 keywords = {dark matter, galaxies: dwarf, gamma rays: galaxies, Local Group},
     year = 2015,
    month = aug,
   volume = 809,
      eid = {L4},
    pages = {L4},
      doi = {10.1088/2041-8205/809/1/L4},
   adsurl = {http://adsabs.harvard.edu/abs/2015ApJ...809L...4D},
  adsnote = {Provided by the SAO/NASA Astrophysics Data System}
}

@ARTICLE{Al06,
   author = {{Allgood}, B. and {Flores}, R.~A. and {Primack}, J.~R. and {Kravtsov}, A.~V. and
  {Wechsler}, R.~H. and {Faltenbacher}, A. and {Bullock}, J.~S.
  },
    title = "{The shape of dark matter haloes: dependence on mass, redshift, radius and formation}",
  journal = {\mnras},
   eprint = {astro-ph/0508497},
 keywords = {galaxies: formation, galaxies: haloes, cosmology: theory, large-scale structure of Universe},
     year = 2006,
    month = apr,
   volume = 367,
    pages = {1781-1796},
      doi = {10.1111/j.1365-2966.2006.10094.x},
   adsurl = {http://adsabs.harvard.edu/abs/2006MNRAS.367.1781A},
  adsnote = {Provided by the SAO/NASA Astrophysics Data System}
}


@ARTICLE{Ji02,
   author = {{Jing}, Y.~P. and {Suto}, Y.},
    title = "{Triaxial Modeling of Halo Density Profiles with High-Resolution N-Body Simulations}",
  journal = {\apj},
   eprint = {astro-ph/0202064},
 keywords = {Cosmology: Theory, Cosmology: Dark Matter, Galaxies: Clusters: General, Galaxies: Halos, Methods: Numerical},
     year = 2002,
    month = aug,
   volume = 574,
    pages = {538-553},
      doi = {10.1086/341065},
   adsurl = {http://adsabs.harvard.edu/abs/2002ApJ...574..538J},
  adsnote = {Provided by the SAO/NASA Astrophysics Data System}
}

@ARTICLE{Ze12,
   author = {{Zemp}, M. and {Gnedin}, O.~Y. and {Gnedin}, N.~Y. and {Kravtsov}, A.~V.
  },
    title = "{The Impact of Baryon Physics on the Structure of High-redshift Galaxies}",
  journal = {\apj},
archivePrefix = "arXiv",
   eprint = {1108.5384},
 primaryClass = "astro-ph.GA",
 keywords = {cosmology: theory, galaxies: evolution, galaxies: formation, methods: numerical, stars: formation},
     year = 2012,
    month = mar,
   volume = 748,
      eid = {54},
    pages = {54},
      doi = {10.1088/0004-637X/748/1/54},
   adsurl = {http://adsabs.harvard.edu/abs/2012ApJ...748...54Z},
  adsnote = {Provided by the SAO/NASA Astrophysics Data System}
}


@ARTICLE{Ab10,
   author = {{Abadi}, M.~G. and {Navarro}, J.~F. and {Fardal}, M. and {Babul}, A. and
  {Steinmetz}, M.},
    title = "{Galaxy-induced transformation of dark matter haloes}",
  journal = {\mnras},
archivePrefix = "arXiv",
   eprint = {0902.2477},
 keywords = {Galaxy: disc, Galaxy: formation, Galaxy: kinematics and dynamics, Galaxy: structure},
     year = 2010,
    month = sep,
   volume = 407,
    pages = {435-446},
      doi = {10.1111/j.1365-2966.2010.16912.x},
   adsurl = {http://adsabs.harvard.edu/abs/2010MNRAS.407..435A},
  adsnote = {Provided by the SAO/NASA Astrophysics Data System}
}

@ARTICLE{Knebe2010,
   author = {{Knebe}, A. and {Libeskind}, N.~I. and {Knollmann}, S.~R. and
  {Yepes}, G. and {Gottl{\"o}ber}, S. and {Hoffman}, Y.},
    title = "{The impact of baryonic physics on the shape and radial alignment of substructures in cosmological dark matter haloes}",
  journal = {\mnras},
archivePrefix = "arXiv",
   eprint = {1002.2853},
 keywords = {methods: N-body simulations, methods: numerical, galaxies: formation, galaxies: haloes},
     year = 2010,
    month = jun,
   volume = 405,
    pages = {1119-1128},
      doi = {10.1111/j.1365-2966.2010.16514.x},
   adsurl = {http://adsabs.harvard.edu/abs/2010MNRAS.405.1119K},
  adsnote = {Provided by the SAO/NASA Astrophysics Data System}
}

@ARTICLE{Barber2015,
   author = {{Barber}, C. and {Starkenburg}, E. and {Navarro}, J.~F. and
  {McConnachie}, A.~W.},
    title = "{Galactic tides and the shape and orientation of dwarf galaxy satellites}",
  journal = {\mnras},
archivePrefix = "arXiv",
   eprint = {1410.6161},
 keywords = {methods: numerical, Galaxy: halo, galaxies: dwarf, galaxies: evolution, galaxies: formation, dark matter},
     year = 2015,
    month = feb,
   volume = 447,
    pages = {1112-1125},
      doi = {10.1093/mnras/stu2494},
   adsurl = {http://adsabs.harvard.edu/abs/2015MNRAS.447.1112B},
  adsnote = {Provided by the SAO/NASA Astrophysics Data System}
}

@ARTICLE{Kuhlen2007,
   author = {{Kuhlen}, M. and {Diemand}, J. and {Madau}, P.},
    title = "{The Shapes, Orientation, and Alignment of Galactic Dark Matter Subhalos}",
  journal = {\apj},
archivePrefix = "arXiv",
   eprint = {0705.2037},
 keywords = {Cosmology: Theory, Cosmology: Dark Matter, Galaxies: Dwarf, Galaxies: Formation, Galaxies: Halos, Methods: Numerical},
     year = 2007,
    month = dec,
   volume = 671,
    pages = {1135-1146},
      doi = {10.1086/522878},
   adsurl = {http://adsabs.harvard.edu/abs/2007ApJ...671.1135K},
  adsnote = {Provided by the SAO/NASA Astrophysics Data System}
}

@ARTICLE{SanchezJanssen2016,
   author = {{Sanchez-Janssen}, R. and {Ferrarese}, L. and {MacArthur}, L.~A. and
  {Cote}, P. and {Blakeslee}, J.~P. and {Cuillandre}, J.-C. and
  {Duc}, P.-A. and {Durrell}, P. and {Gwyn}, S. and {McConnachie}, A.~W. and
  {Boselli}, A. and {Courteau}, S. and {Emsellem}, E. and {Mei}, S. and
  {Peng}, E. and {Puzia}, T.~H. and {Roediger}, J. and {Simard}, L. and
  {Boyer}, F. and {Santos}, M.},
    title = "{The Next Generation Virgo Cluster Survey. VII. The intrinsic shapes of low-luminosity galaxies in the core of the Virgo cluster, and a comparison with the Local Group}",
  journal = {ArXiv e-prints},
archivePrefix = "arXiv",
   eprint = {1602.00012},
 keywords = {Astrophysics - Astrophysics of Galaxies},
     year = 2016,
    month = jan,
   adsurl = {http://adsabs.harvard.edu/abs/2016arXiv160200012S},
  adsnote = {Provided by the SAO/NASA Astrophysics Data System}
}

@ARTICLE{Weijmans2014,
   author = {{Weijmans}, A.-M. and {de Zeeuw}, P.~T. and {Emsellem}, E. and
  {Krajnovi{\'c}}, D. and {Lablanche}, P.-Y. and {Alatalo}, K. and
  {Blitz}, L. and {Bois}, M. and {Bournaud}, F. and {Bureau}, M. and
  {Cappellari}, M. and {Crocker}, A.~F. and {Davies}, R.~L. and
  {Davis}, T.~A. and {Duc}, P.-A. and {Khochfar}, S. and {Kuntschner}, H. and
  {McDermid}, R.~M. and {Morganti}, R. and {Naab}, T. and {Oosterloo}, T. and
  {Sarzi}, M. and {Scott}, N. and {Serra}, P. and {Verdoes Kleijn}, G. and
  {Young}, L.~M.},
    title = "{The ATLAS $^{3D}$ project - XXIV. The intrinsic shape distribution of early-type galaxies}",
  journal = {\mnras},
archivePrefix = "arXiv",
   eprint = {1408.1099},
 keywords = {galaxies: elliptical and lenticular, cD, galaxies: structure},
     year = 2014,
    month = nov,
   volume = 444,
    pages = {3340-3356},
 abstract = "{We use the ATLAS$^{3D}$ sample to perform a study of the intrinsic
shapes of early-type galaxies, taking advantage of the available
combined photometric and kinematic data. Based on our ellipticity
measurements from the Sloan Digital Sky Survey Data Release 7, and
additional imaging from the Isaac Newton Telescope, we first invert the
shape distribution of fast and slow rotators under the assumption of
axisymmetry. The so-obtained intrinsic shape distribution for the fast
rotators can be described with a Gaussian with a mean flattening of q =
0.25 and standard deviation {$\sigma$}$_{q}$ = 0.14, and an
additional tail towards rounder shapes. The slow rotators are much
rounder, and are well described with a Gaussian with mean q = 0.63 and
{$\sigma$}$_{q}$ = 0.09. We then checked that our results were
consistent when applying a different and independent method to obtain
intrinsic shape distributions, by fitting the observed ellipticity
distributions directly using Gaussian parametrizations for the intrinsic
axis ratios. Although both fast and slow rotators are identified as
early-type galaxies in morphological studies, and in many previous shape
studies are therefore grouped together, their shape distributions are
significantly different, hinting at different formation scenarios. The
intrinsic shape distribution of the fast rotators shows similarities
with the spiral galaxy population. Including the observed kinematic
misalignment in our intrinsic shape study shows that the fast rotators
are predominantly axisymmetric, with only very little room for
triaxiality. For the slow rotators though there are very strong
indications that they are (mildly) triaxial.
}",
      doi = {10.1093/mnras/stu1603},
   adsurl = {http://adsabs.harvard.edu/abs/2014MNRAS.444.3340W},
  adsnote = {Provided by the SAO/NASA Astrophysics Data System}
}


@ARTICLE{Statler1994,
   author = {{Statler}, T.~S.},
    title = "{Uncovering the intrinsic shapes of elliptical galaxies. 3: Practical modeling}",
  journal = {\apj},
 keywords = {Elliptical Galaxies, Galactic Structure, Kinematics, Three Dimensional Flow, Three Dimensional Models, Galactic Halos, Light Curve, Many Body Problem, Probability Density Functions, Velocity Measurement},
     year = 1994,
    month = apr,
   volume = 425,
    pages = {500-529},
      doi = {10.1086/174003},
   adsurl = {http://adsabs.harvard.edu/abs/1994ApJ...425..500S},
  adsnote = {Provided by the SAO/NASA Astrophysics Data System}
}

@book{BT,
  Adsnote = {Provided by the SAO/NASA Astrophysics Data System},
  Adsurl = {http://adsabs.harvard.edu/abs/2008gady.book.....B},
  Author = {{Binney}, J. and {Tremaine}, S.},
  Booktitle = {Galactic Dynamics: Second Edition, by James Binney and Scott Tremaine.~ISBN 978-0-691-13026-2 (HB).~Published by Princeton University Press, Princeton, NJ USA, 2008.},
  Date-Added = {2013-12-18 16:57:12 +0000},
  Date-Modified = {2013-12-18 17:06:16 +0000},
  Publisher = {Princeton University Press},
  Title = {{Galactic Dynamics: Second Edition}},
  Year = 2008}


@ARTICLE{Franx1991,
   author = {{Franx}, M. and {Illingworth}, G. and {de Zeeuw}, T.},
    title = "{The ordered nature of elliptical galaxies - Implications for their intrinsic angular momenta and shapes}",
  journal = {\apj},
 keywords = {Angular Momentum, Elliptical Galaxies, Galactic Evolution, Galactic Structure, Stellar Motions, Density Distribution, Ellipticity, Misalignment, Probability Density Functions, Velocity Distribution},
     year = 1991,
    month = dec,
   volume = 383,
    pages = {112-134},
      doi = {10.1086/170769},
   adsurl = {http://adsabs.harvard.edu/abs/1991ApJ...383..112F},
  adsnote = {Provided by the SAO/NASA Astrophysics Data System}
}

@ARTICLE{vdB2009,
   author = {{van den Bosch}, R.~C.~E. and {van de Ven}, G.},
    title = "{Recovering the intrinsic shape of early-type galaxies}",
  journal = {\mnras},
archivePrefix = "arXiv",
   eprint = {0811.3474},
 keywords = {galaxies: elliptical and lenticular, cD , galaxies: kinematics and dynamics , galaxies: structure},
     year = 2009,
    month = sep,
   volume = 398,
    pages = {1117-1128},
      doi = {10.1111/j.1365-2966.2009.15177.x},
   adsurl = {http://adsabs.harvard.edu/abs/2009MNRAS.398.1117V},
  adsnote = {Provided by the SAO/NASA Astrophysics Data System}
}


@ARTICLE{Ev16,
   author = {{Evans}, N.~W. and {Sanders}, J.~L. and {Williams}, A.~A. and
  {An}, J. and {Lynden-Bell}, D. and {Dehnen}, W.},
    title = "{The alignment of the second velocity moment tensor in galaxies}",
  journal = {\mnras},
 keywords = {Galaxy: halo, galaxies: haloes, galaxies: kinematics and dynamics, dark matter},
     year = 2016,
    month = mar,
   volume = 456,
    pages = {4506-4523},
      doi = {10.1093/mnras/stv2729},
   adsurl = {http://adsabs.harvard.edu/abs/2016MNRAS.456.4506E},
  adsnote = {Provided by the SAO/NASA Astrophysics Data System}
}

@ARTICLE{Bi78,
   author = {{Binney}, J.},
    title = "{On the rotation of elliptical galaxies}",
  journal = {\mnras},
 keywords = {Astronomical Models, Elliptical Galaxies, Galactic Rotation, Virial Theorem, Cosmology, Ellipticity, Mathematical Models, Prolate Spheroids},
     year = 1978,
    month = may,
   volume = 183,
    pages = {501-514},
      doi = {10.1093/mnras/183.3.501},
   adsurl = {http://adsabs.harvard.edu/abs/1978MNRAS.183..501B},
  adsnote = {Provided by the SAO/NASA Astrophysics Data System}
}

@ARTICLE{Zu06,
   author = {{Zucker}, D.~B. and {Belokurov}, V. and {Evans}, N.~W. and {Kleyna}, J.~T. and
  {Irwin}, M.~J. and {Wilkinson}, M.~I. and {Fellhauer}, M. and
  {Bramich}, D.~M. and {Gilmore}, G. and {Newberg}, H.~J. and
  {Yanny}, B. and {Smith}, J.~A. and {Hewett}, P.~C. and {Bell}, E.~F. and
  {Rix}, H.-W. and {Gnedin}, O.~Y. and {Vidrih}, S. and {Wyse}, R.~F.~G. and
  {Willman}, B. and {Grebel}, E.~K. and {Schneider}, D.~P. and
  {Beers}, T.~C. and {Kniazev}, A.~Y. and {Barentine}, J.~C. and
  {Brewington}, H. and {Brinkmann}, J. and {Harvanek}, M. and
  {Kleinman}, S.~J. and {Krzesinski}, J. and {Long}, D. and {Nitta}, A. and
  {Snedden}, S.~A.},
    title = "{A Curious Milky Way Satellite in Ursa Major}",
  journal = {\apjl},
   eprint = {astro-ph/0606633},
 keywords = {Galaxies: Dwarf, galaxies: individual (Ursa Major II), Galaxies: Local Group},
     year = 2006,
    month = oct,
   volume = 650,
    pages = {L41-L44},
      doi = {10.1086/508628},
   adsurl = {http://adsabs.harvard.edu/abs/2006ApJ...650L..41Z},
  adsnote = {Provided by the SAO/NASA Astrophysics Data System}
}

@ARTICLE{De12,
   author = {{Deason}, A.~J. and {Belokurov}, V. and {Evans}, N.~W. and {Watkins}, L.~L. and
  {Fellhauer}, M.},
    title = "{The stretching of Hercules}",
  journal = {\mnras},
archivePrefix = "arXiv",
   eprint = {1207.3802},
 keywords = {galaxies: dwarf, galaxies: interactions, galaxies: kinematics and dynamics, Local Group},
     year = 2012,
    month = sep,
   volume = 425,
    pages = {L101-L105},
      doi = {10.1111/j.1745-3933.2012.01314.x},
   adsurl = {http://adsabs.harvard.edu/abs/2012MNRAS.425L.101D},
  adsnote = {Provided by the SAO/NASA Astrophysics Data System}
}

@ARTICLE{Bo15,
   author = {{Bowden}, A. and {Belokurov}, V. and {Evans}, N.~W.},
    title = "{Dipping our toes in the water: first models of GD-1 as a stream}",
  journal = {\mnras},
archivePrefix = "arXiv",
   eprint = {1502.00484},
 keywords = {galaxies: fundamental parameters, galaxies: haloes, galaxies: kinematics and dynamics},
     year = 2015,
    month = may,
   volume = 449,
    pages = {1391-1400},
      doi = {10.1093/mnras/stv285},
   adsurl = {http://adsabs.harvard.edu/abs/2015MNRAS.449.1391B},
  adsnote = {Provided by the SAO/NASA Astrophysics Data System}
}


@ARTICLE{Tenneti2014,
   author = {{Tenneti}, A. and {Mandelbaum}, R. and {Di Matteo}, T. and {Feng}, Y. and
  {Khandai}, N.},
    title = "{Galaxy shapes and intrinsic alignments in the MassiveBlack-II simulation}",
  journal = {\mnras},
archivePrefix = "arXiv",
   eprint = {1403.4215},
 keywords = {gravitational lensing: weak, hydrodynamics, methods: numerical, galaxies: star formation},
     year = 2014,
    month = jun,
   volume = 441,
    pages = {470-485},
      doi = {10.1093/mnras/stu586},
   adsurl = {http://adsabs.harvard.edu/abs/2014MNRAS.441..470T},
  adsnote = {Provided by the SAO/NASA Astrophysics Data System}
}

@ARTICLE{Ir95,
   author = {{Irwin}, M. and {Hatzidimitriou}, D.},
    title = "{Structural parameters for the Galactic dwarf spheroidals}",
  journal = {\mnras},
 keywords = {GALAXY: STRUCTURE, GALAXIES: STRUCTURE, DARK MATTER},
     year = 1995,
    month = dec,
   volume = 277,
    pages = {1354-1378},
      doi = {10.1093/mnras/277.4.1354},
   adsurl = {http://adsabs.harvard.edu/abs/1995MNRAS.277.1354I},
  adsnote = {Provided by the SAO/NASA Astrophysics Data System}
}

@ARTICLE{Ev93,
   author = {{Evans}, N.~W.},
    title = "{Simple galaxy models with massive haloes}",
  journal = {\mnras},
 keywords = {Astronomical Models, Elliptical Galaxies, Galactic Halos, Computational Astrophysics, Dark Matter, Galactic Rotation, Gravitational Effects, Line Spectra},
     year = 1993,
    month = jan,
   volume = 260,
    pages = {191-201},
      doi = {10.1093/mnras/260.1.191},
   adsurl = {http://adsabs.harvard.edu/abs/1993MNRAS.260..191E},
  adsnote = {Provided by the SAO/NASA Astrophysics Data System}
}

@ARTICLE{Ag12b,
   author = {{Agnello}, A. and {Evans}, N.~W.},
    title = "{A Virial Core in the Sculptor Dwarf Spheroidal Galaxy}",
  journal = {\apjl},
archivePrefix = "arXiv",
   eprint = {1205.6673},
 keywords = {dark matter, galaxies: dwarf, galaxies: individual: Sculptor, galaxies: kinematics and dynamics},
     year = 2012,
    month = aug,
   volume = 754,
      eid = {L39},
    pages = {L39},
      doi = {10.1088/2041-8205/754/2/L39},
   adsurl = {http://adsabs.harvard.edu/abs/2012ApJ...754L..39A},
  adsnote = {Provided by the SAO/NASA Astrophysics Data System}
}

@ARTICLE{Ag12,
   author = {{Agnello}, A. and {Evans}, N.~W.},
    title = "{Virial sequences for thick discs and haloes: flattening and global anisotropy}",
  journal = {\mnras},
archivePrefix = "arXiv",
   eprint = {1201.4345},
 keywords = {Galaxy: disc, Galaxy: halo, galaxies: kinematics and dynamics, Local Group, dark matter},
     year = 2012,
    month = may,
   volume = 422,
    pages = {1767-1778},
      doi = {10.1111/j.1365-2966.2012.20750.x},
   adsurl = {http://adsabs.harvard.edu/abs/2012MNRAS.422.1767A},
  adsnote = {Provided by the SAO/NASA Astrophysics Data System}
}
@ARTICLE{Bo15b,
   author = {{Bonnivard}, V. and {Combet}, C. and {Daniel}, M. and {Funk}, S. and
  {Geringer-Sameth}, A. and {Hinton}, J.~A. and {Maurin}, D. and
  {Read}, J.~I. and {Sarkar}, S. and {Walker}, M.~G. and {Wilkinson}, M.~I.
  },
    title = "{Dark matter annihilation and decay in dwarf spheroidal galaxies: the classical and ultrafaint dSphs}",
  journal = {\mnras},
archivePrefix = "arXiv",
   eprint = {1504.02048},
 primaryClass = "astro-ph.HE",
 keywords = {astroparticle physics, methods: miscellaneous, Galaxy: kinematics and dynamics, galaxies: dwarf-dark matter, gamma-rays: general},
     year = 2015,
    month = oct,
   volume = 453,
    pages = {849-867},
      doi = {10.1093/mnras/stv1601},
   adsurl = {http://adsabs.harvard.edu/abs/2015MNRAS.453..849B},
  adsnote = {Provided by the SAO/NASA Astrophysics Data System}
}

@BOOK{Ch69,
   author = {{Chandrasekhar}, S.},
    title = "{Ellipsoidal figures of equilibrium}",
booktitle = {The Silliman Foundation Lectures, New Haven: Yale University Press, 1969},
     year = 1969,
     publisher = {Yale University Press},
   adsurl = {http://adsabs.harvard.edu/abs/1969efe..book.....C},
  adsnote = {Provided by the SAO/NASA Astrophysics Data System}
}


@ARTICLE{Be10,
   author = {{Belokurov}, V. and {Walker}, M.~G. and {Evans}, N.~W. and {Gilmore}, G. and
  {Irwin}, M.~J. and {Just}, D. and {Koposov}, S. and {Mateo}, M. and
  {Olszewski}, E. and {Watkins}, L. and {Wyrzykowski}, L.},
    title = "{Big Fish, Little Fish: Two New Ultra-faint Satellites of the Milky Way}",
  journal = {\apjl},
archivePrefix = "arXiv",
   eprint = {1002.0504},
 keywords = {galaxies: dwarf, galaxies: individual: Pisces Pegasus, Local Group},
     year = 2010,
    month = mar,
   volume = 712,
    pages = {L103-L106},
      doi = {10.1088/2041-8205/712/1/L103},
   adsurl = {http://adsabs.harvard.edu/abs/2010ApJ...712L.103B},
  adsnote = {Provided by the SAO/NASA Astrophysics Data System}
}

@ARTICLE{Ko15a,
   author = {{Koposov}, S.~E. and {Casey}, A.~R. and {Belokurov}, V. and
  {Lewis}, J.~R. and {Gilmore}, G. and {Worley}, C. and {Hourihane}, A. and
  {Randich}, S. and {Bensby}, T. and {Bragaglia}, A. and {Bergemann}, M. and
  {Carraro}, G. and {Costado}, M.~T. and {Flaccomio}, E. and {Francois}, P. and
  {Heiter}, U. and {Hill}, V. and {Jofre}, P. and {Lando}, C. and
  {Lanzafame}, A.~C. and {de Laverny}, P. and {Monaco}, L. and
  {Morbidelli}, L. and {Sbordone}, L. and {Mikolaitis}, {\v S}. and
  {Ryde}, N.},
    title = "{Kinematics and Chemistry of Recently Discovered Reticulum 2 and Horologium 1 Dwarf Galaxies}",
  journal = {\apj},
archivePrefix = "arXiv",
   eprint = {1504.07916},
 keywords = {galaxies: abundances, galaxies: dwarf, galaxies: kinematics and dynamics, Galaxy: halo, globular clusters: general, stars: abundances},
     year = 2015,
    month = sep,
   volume = 811,
      eid = {62},
    pages = {62},
      doi = {10.1088/0004-637X/811/1/62},
   adsurl = {http://adsabs.harvard.edu/abs/2015ApJ...811...62K},
  adsnote = {Provided by the SAO/NASA Astrophysics Data System}
}

@ARTICLE{Ko15,
   author = {{Koposov}, S.~E. and {Belokurov}, V. and {Torrealba}, G. and
  {Evans}, N.~W.},
    title = "{Beasts of the Southern Wild : Discovery of nine Ultra Faint satellites in the vicinity of the Magellanic Clouds.}",
  journal = {\apj},
archivePrefix = "arXiv",
   eprint = {1503.02079},
 keywords = {galaxies: dwarf, galaxies: kinematics and dynamics, Galaxy: halo, globular clusters: general},
     year = 2015,
    month = jun,
   volume = 805,
      eid = {130},
    pages = {130},
      doi = {10.1088/0004-637X/805/2/130},
   adsurl = {http://adsabs.harvard.edu/abs/2015ApJ...805..130K},
  adsnote = {Provided by the SAO/NASA Astrophysics Data System}
}

@ARTICLE{Sy96,
   author = {{Syer}, D. and {Tremaine}, S.},
    title = "{Made-to-measure N-body systems}",
  journal = {\mnras},
   eprint = {astro-ph/9605061},
 keywords = {METHODS: NUMERICAL, GALAXIES: KINEMATICS AND DYNAMICS},
     year = 1996,
    month = sep,
   volume = 282,
    pages = {223-233},
      doi = {10.1093/mnras/282.1.223},
   adsurl = {http://adsabs.harvard.edu/abs/1996MNRAS.282..223S},
  adsnote = {Provided by the SAO/NASA Astrophysics Data System}
}

@ARTICLE{De09,
   author = {{Dehnen}, W.},
    title = "{Tailoring triaxial N-body models via a novel made-to-measure method}",
  journal = {\mnras},
archivePrefix = "arXiv",
   eprint = {0902.2069},
 primaryClass = "astro-ph.GA",
 keywords = {stellar dynamics , methods: N-body simulations , galaxies: haloes , galaxies: kinematics and dynamics , galaxies: structure},
     year = 2009,
    month = may,
   volume = 395,
    pages = {1079-1086},
 abstract = "{The made-to-measure N-body method slowly adapts the particle weights of
an N-body model, whilst integrating the trajectories in an assumed
static potential, until some constraints are satisfied, such as optimal
fits to observational data. I propose a novel technique for this
adaption procedure, which overcomes several limitations and shortcomings
of the original method. The capability of the new technique is
demonstrated by generating realistic N-body equilibrium models for dark
matter haloes with prescribed density profile, triaxial shape and slowly
outwardly growing radial velocity anisotropy.
}",
      doi = {10.1111/j.1365-2966.2009.14603.x},
   adsurl = {http://adsabs.harvard.edu/abs/2009MNRAS.395.1079D},
  adsnote = {Provided by the SAO/NASA Astrophysics Data System}
}

@ARTICLE{Mc12,
   author = {{McConnachie}, A.~W.},
    title = "{The Observed Properties of Dwarf Galaxies in and around the Local Group}",
  journal = {\aj},
archivePrefix = "arXiv",
   eprint = {1204.1562},
 keywords = {catalogs, galaxies: dwarf, galaxies: fundamental parameters, galaxies: general, galaxies: structure, Local Group},
     year = 2012,
    month = jul,
   volume = 144,
      eid = {4},
    pages = {4},
      doi = {10.1088/0004-6256/144/1/4},
   adsurl = {http://adsabs.harvard.edu/abs/2012AJ....144....4M},
  adsnote = {Provided by the SAO/NASA Astrophysics Data System}
}


@ARTICLE{Ma08,
   author = {{Martin}, N.~F. and {de Jong}, J.~T.~A. and {Rix}, H.-W.},
    title = "{A Comprehensive Maximum Likelihood Analysis of the Structural Properties of Faint Milky Way Satellites}",
  journal = {\apj},
archivePrefix = "arXiv",
   eprint = {0805.2945},
 keywords = {galaxies: dwarf, Local Group },
     year = 2008,
    month = sep,
   volume = 684,
      eid = {1075-1092},
    pages = {1075-1092},
      doi = {10.1086/590336},
   adsurl = {http://adsabs.harvard.edu/abs/2008ApJ...684.1075M},
  adsnote = {Provided by the SAO/NASA Astrophysics Data System}
}

@ARTICLE{Ma15,
   author = {{Martin}, N.~F. and {Nidever}, D.~L. and {Besla}, G. and {Olsen}, K. and
  {Walker}, A.~R. and {Vivas}, A.~K. and {Gruendl}, R.~A. and
  {Kaleida}, C.~C. and {Mu{\~n}oz}, R.~R. and {Blum}, R.~D. and
  {Saha}, A. and {Conn}, B.~C. and {Bell}, E.~F. and {Chu}, Y.-H. and
  {Cioni}, M.-R.~L. and {de Boer}, T.~J.~L. and {Gallart}, C. and
  {Jin}, S. and {Kunder}, A. and {Majewski}, S.~R. and {Martinez-Delgado}, D. and
  {Monachesi}, A. and {Monelli}, M. and {Monteagudo}, L. and {No{\"e}l}, N.~E.~D. and
  {Olszewski}, E.~W. and {Stringfellow}, G.~S. and {van der Marel}, R.~P. and
  {Zaritsky}, D.},
    title = "{Hydra II: A Faint and Compact Milky Way Dwarf Galaxy Found in the Survey of the Magellanic Stellar History}",
  journal = {\apjl},
archivePrefix = "arXiv",
   eprint = {1503.06216},
 keywords = {galaxies: individual: Hydra II, Local Group, Magellanic Clouds},
     year = 2015,
    month = may,
   volume = 804,
      eid = {L5},
    pages = {L5},
      doi = {10.1088/2041-8205/804/1/L5},
   adsurl = {http://adsabs.harvard.edu/abs/2015ApJ...804L...5M},
  adsnote = {Provided by the SAO/NASA Astrophysics Data System}
}


@ARTICLE{Wo10,
   author = {{Wolf}, J. and {Martinez}, G.~D. and {Bullock}, J.~S. and {Kaplinghat}, M. and
  {Geha}, M. and {Mu{\~n}oz}, R.~R. and {Simon}, J.~D. and {Avedo}, F.~F.
  },
    title = "{Accurate masses for dispersion-supported galaxies}",
  journal = {\mnras},
archivePrefix = "arXiv",
   eprint = {0908.2995},
 keywords = {galaxies: dwarf, galaxies: elliptical and lenticular, cD, galaxies: formation, galaxies: kinematics and dynamics, dark matter},
     year = 2010,
    month = aug,
   volume = 406,
    pages = {1220-1237},
      doi = {10.1111/j.1365-2966.2010.16753.x},
   adsurl = {http://adsabs.harvard.edu/abs/2010MNRAS.406.1220W},
  adsnote = {Provided by the SAO/NASA Astrophysics Data System}
}

@ARTICLE{Ca08,
   author = {{Cappellari}, M.},
    title = "{Measuring the inclination and mass-to-light ratio of axisymmetric galaxies via anisotropic Jeans models of stellar kinematics}",
  journal = {\mnras},
archivePrefix = "arXiv",
   eprint = {0806.0042},
 keywords = {galaxies: elliptical and lenticular, cD , galaxies: evolution , galaxies: formation , galaxies: kinematics and dynamics , galaxies: structure},
     year = 2008,
    month = oct,
   volume = 390,
    pages = {71-86},
      doi = {10.1111/j.1365-2966.2008.13754.x},
   adsurl = {http://adsabs.harvard.edu/abs/2008MNRAS.390...71C},
  adsnote = {Provided by the SAO/NASA Astrophysics Data System}
}

@ARTICLE{Willman1,
   author = {{Willman}, B. and {Geha}, M. and {Strader}, J. and {Strigari}, L.~E. and
  {Simon}, J.~D. and {Kirby}, E. and {Ho}, N. and {Warres}, A.
  },
    title = "{Willman 1{\mdash}A Probable Dwarf Galaxy with an Irregular Kinematic Distribution}",
  journal = {\aj},
archivePrefix = "arXiv",
   eprint = {1007.3499},
 keywords = {galaxies: dwarf, galaxies: individual: Willman 1, galaxies: kinematics and dynamics, galaxies: star clusters: general},
     year = 2011,
    month = oct,
   volume = 142,
      eid = {128},
    pages = {128},
      doi = {10.1088/0004-6256/142/4/128},
   adsurl = {http://adsabs.harvard.edu/abs/2011AJ....142..128W},
  adsnote = {Provided by the SAO/NASA Astrophysics Data System}
}

@ARTICLE{Ev15,
   author = {{Evans}, N.~W. and {An}, J. and {Bowden}, A. and {Williams}, A.~A.
  },
    title = "{The doubloon models of dark haloes and galaxies}",
  journal = {\mnras},
archivePrefix = "arXiv",
   eprint = {1503.03689},
 keywords = {galaxies: haloes, galaxies: kinematics and dynamics, dark matter},
     year = 2015,
    month = jun,
   volume = 450,
    pages = {846-856},
      doi = {10.1093/mnras/stv621},
   adsurl = {http://adsabs.harvard.edu/abs/2015MNRAS.450..846E},
  adsnote = {Provided by the SAO/NASA Astrophysics Data System}
}

@ARTICLE{EvansSandersGS,
   author = {{Evans}, N.~W. and {Sanders}, J.~L. and {Geringer-Sameth}, A.
	},
    title = "{Simple J-factors and D-factors for indirect dark matter detection}",
  journal = {\prd},
archivePrefix = "arXiv",
   eprint = {1604.05599},
     year = 2016,
    month = may,
   volume = 93,
   number = 10,
      eid = {103512},
    pages = {103512},
      doi = {10.1103/PhysRevD.93.103512},
   adsurl = {http://adsabs.harvard.edu/abs/2016PhRvD..93j3512E},
  adsnote = {Provided by the SAO/NASA Astrophysics Data System}
}


@misc{ForemanMackey2012,
	Adsnote = {Provided by the SAO/NASA Astrophysics Data System},
	Adsurl = {http://ukads.nottingham.ac.uk/abs/2013ascl.soft03002F},
	Archiveprefix = {ascl},
	Author = {{Foreman-Mackey}, D. and {Conley}, A. and {Meierjurgen Farr}, W. and {Hogg}, D.~W. and {Long}, D. and {Marshall}, P. and {Price-Whelan}, A. and {Sanders}, J. and {Zuntz}, J.},
	Date-Added = {2013-07-17 15:25:40 +0000},
	Date-Modified = {2013-07-17 15:25:59 +0000},
	Eprint = {1303.002},
	Month = mar,
	Note = {Astrophysics Source Code Library},
	Title = {{emcee: The MCMC Hammer}},
	Year = 2013}


@ARTICLE{Wa09,
   author = {{Walker}, M.~G. and {Mateo}, M. and {Olszewski}, E.~W. and {Pe{\~n}arrubia}, J. and
	{Wyn Evans}, N. and {Gilmore}, G.},
    title = "{A Universal Mass Profile for Dwarf Spheroidal Galaxies?}",
  journal = {\apj},
archivePrefix = "arXiv",
   eprint = {0906.0341},
 primaryClass = "astro-ph.CO",
 keywords = {galaxies: dwarf, galaxies: kinematics and dynamics, Local Group},
     year = 2009,
    month = oct,
   volume = 704,
    pages = {1274-1287},
      doi = {10.1088/0004-637X/704/2/1274},
   adsurl = {http://adsabs.harvard.edu/abs/2009ApJ...704.1274W},
  adsnote = {Provided by the SAO/NASA Astrophysics Data System}
}

@ARTICLE{NO09,
   author = {{Niederste-Ostholt}, M. and {Belokurov}, V. and {Evans}, N.~W. and
	{Gilmore}, G. and {Wyse}, R.~F.~G. and {Norris}, J.~E.},
    title = "{The origin of Segue 1}",
  journal = {\mnras},
archivePrefix = "arXiv",
   eprint = {0906.3669},
 primaryClass = "astro-ph.GA",
 keywords = {globular clusters: individual: Segue 1 , galaxies: kinematics and dynamics},
     year = 2009,
    month = oct,
   volume = 398,
    pages = {1771-1781},
      doi = {10.1111/j.1365-2966.2009.15287.x},
   adsurl = {http://adsabs.harvard.edu/abs/2009MNRAS.398.1771N},
  adsnote = {Provided by the SAO/NASA Astrophysics Data System}
}

@ARTICLE{Bo15c,
   author = {{Bonnivard}, V. and {Maurin}, D. and {Walker}, M.~G.},
    title = "{Sensitivity to interlopers in stellar-kinematic samples for ultrafaint dwarf galaxies: Uncertainty about the dark matter annihilation profile of Segue I}",
  journal = {ArXiv e-prints},
archivePrefix = "arXiv",
   eprint = {1506.08209},
 keywords = {Astrophysics - Astrophysics of Galaxies},
     year = 2015,
    month = jun,
   adsurl = {http://adsabs.harvard.edu/abs/2015arXiv150608209B},
  adsnote = {Provided by the SAO/NASA Astrophysics Data System}
}

@ARTICLE{Bo15d,
   author = {{Bonnivard}, V. and {Combet}, C. and {Maurin}, D. and {Walker}, M.~G.
	},
    title = "{Spherical Jeans analysis for dark matter indirect detection in dwarf spheroidal galaxies - impact of physical parameters and triaxiality}",
  journal = {\mnras},
archivePrefix = "arXiv",
   eprint = {1407.7822},
 primaryClass = "astro-ph.HE",
 keywords = {astroparticle physics, methods: miscellaneous, Galaxy: kinematics and dynamics, dark matter, gamma-rays: general},
     year = 2015,
    month = jan,
   volume = 446,
    pages = {3002-3021},
      doi = {10.1093/mnras/stu2296},
   adsurl = {http://adsabs.harvard.edu/abs/2015MNRAS.446.3002B},
  adsnote = {Provided by the SAO/NASA Astrophysics Data System}
}


@ARTICLE{Willman2011,
   author = {{Willman}, B. and {Geha}, M. and {Strader}, J. and {Strigari}, L.~E. and
	{Simon}, J.~D. and {Kirby}, E. and {Ho}, N. and {Warres}, A.
	},
    title = "{Willman 1{\mdash}A Probable Dwarf Galaxy with an Irregular Kinematic Distribution}",
  journal = {\aj},
archivePrefix = "arXiv",
   eprint = {1007.3499},
 keywords = {galaxies: dwarf, galaxies: individual: Willman 1, galaxies: kinematics and dynamics, galaxies: star clusters: general},
     year = 2011,
    month = oct,
   volume = 142,
      eid = {128},
    pages = {128},
      doi = {10.1088/0004-6256/142/4/128},
   adsurl = {http://adsabs.harvard.edu/abs/2011AJ....142..128W},
  adsnote = {Provided by the SAO/NASA Astrophysics Data System}
}

@ARTICLE{Roberts1962,
   author = {{Roberts}, P.~H.},
    title = "{On the Superpotential and Supermatrix of a Heterogeneous Ellipsoid.}",
  journal = {\apj},
     year = 1962,
    month = nov,
   volume = 136,
    pages = {1108},
      doi = {10.1086/147461},
   adsurl = {http://adsabs.harvard.edu/abs/1962ApJ...136.1108R},
  adsnote = {Provided by the SAO/NASA Astrophysics Data System}
}


@ARTICLE{White1989,
   author = {{White}, S.~D.~M.},
    title = "{The flattening of the galactic spheroid}",
  journal = {\mnras},
 keywords = {Galactic Structure, Metallic Stars, Milky Way Galaxy, Oblate Spheroids, Solar Neighborhood, Cylindrical Coordinates, Flattening, Virial Theorem},
     year = 1989,
    month = mar,
   volume = 237,
    pages = {51P-54P},
      doi = {10.1093/mnras/237.1.51P},
   adsurl = {http://adsabs.harvard.edu/abs/1989MNRAS.237P..51W},
  adsnote = {Provided by the SAO/NASA Astrophysics Data System}
}

@ARTICLE{Ibarra2013,
   author = {{Ibarra}, A. and {Tran}, D. and {Weniger}, C.},
    title = "{Indirect Searches for Decaying Dark Matter}",
  journal = {International Journal of Modern Physics A},
archivePrefix = "arXiv",
   eprint = {1307.6434},
 primaryClass = "hep-ph",
 keywords = {Dark matter, indirect searches, cosmic rays, gamma rays, neutrinos, Dark matter, Cosmic rays},
     year = 2013,
    month = oct,
   volume = 28,
      eid = {1330040},
    pages = {1330040},
      doi = {10.1142/S0217751X13300408},
   adsurl = {http://adsabs.harvard.edu/abs/2013IJMPA..2830040I},
  adsnote = {Provided by the SAO/NASA Astrophysics Data System}
}

@ARTICLE{Singh2016,
   author = {{Singh}, S. and {Mandelbaum}, R.},
    title = "{Intrinsic alignments of BOSS LOWZ galaxies - II. Impact of shape measurement methods}",
  journal = {\mnras},
archivePrefix = "arXiv",
   eprint = {1510.06752},
 keywords = {gravitational lensing: weak, galaxies: evolution, cosmology: observations, large-scale structure of Universe},
     year = 2016,
    month = apr,
   volume = 457,
    pages = {2301-2317},
      doi = {10.1093/mnras/stw144},
   adsurl = {http://adsabs.harvard.edu/abs/2016MNRAS.457.2301S},
  adsnote = {Provided by the SAO/NASA Astrophysics Data System}
}

@ARTICLE{Kormendy1982,
   author = {{Kormendy}, J.},
    title = "{Observations of galaxy structure and dynamics}",
  journal = {Morphology and dynamics of galaxies; Proceedings of the Twelfth Advanced Course, Saas-Fee, Switzerland, March 29-April 3, 1982 (A84-15502 04-90).~Sauverny, Switzerland, Observatoire de Geneve, 1983, p.~113-288.},
 keywords = {Barred Galaxies, Galactic Evolution, Galactic Structure, Astronomical Photometry, Disk Galaxies, Elliptical Galaxies, Flow Velocity, Galactic Nuclei, Halos, Kinematics, Morphology},
     year = 1982,
   volume = 12,
    pages = {113-288},
   adsurl = {http://adsabs.harvard.edu/abs/1982SAAS...12..115K},
  adsnote = {Provided by the SAO/NASA Astrophysics Data System}
}

@ARTICLE{Amorisco2012,
   author = {{Amorisco}, N.~C. and {Evans}, N.~W.},
    title = "{Phase-space models of the dwarf spheroidals}",
  journal = {\mnras},
archivePrefix = "arXiv",
   eprint = {1009.1813},
 keywords = {galaxies: dwarf, galaxies: kinematics and dynamics, Local Group},
     year = 2011,
    month = mar,
   volume = 411,
    pages = {2118-2136},
      doi = {10.1111/j.1365-2966.2010.17715.x},
   adsurl = {http://adsabs.harvard.edu/abs/2011MNRAS.411.2118A},
  adsnote = {Provided by the SAO/NASA Astrophysics Data System}
}

@ARTICLE{Hayashi2016,
   author = {{Hayashi}, K. and {Ichikawa}, K. and {Matsumoto}, S. and {Ibe}, M. and
	{Ishigaki}, M.~N. and {Sugai}, H.},
    title = "{Dark matter annihilation and decay from non-spherical dark halos in the Galactic dwarf satellites}",
  journal = {ArXiv e-prints},
archivePrefix = "arXiv",
   eprint = {1603.08046},
 keywords = {Astrophysics - Astrophysics of Galaxies, Astrophysics - High Energy Astrophysical Phenomena, High Energy Physics - Phenomenology},
     year = 2016,
    month = mar,
   adsurl = {http://adsabs.harvard.edu/abs/2016arXiv160308046H},
  adsnote = {Provided by the SAO/NASA Astrophysics Data System}
}


@MISC{Pynbody,
   author = {{Pontzen}, A. and {Ro{\v s}kar}, R. and {Stinson}, G. and {Woods}, R.
	},
    title = "{pynbody: N-Body/SPH analysis for python}",
howpublished = {Astrophysics Source Code Library},
     year = 2013,
    month = may,
archivePrefix = "ascl",
   eprint = {1305.002},
   adsurl = {http://adsabs.harvard.edu/abs/2013ascl.soft05002P},
  adsnote = {Provided by the SAO/NASA Astrophysics Data System}
}
